@article{burgette2010multiple,
  title={Multiple imputation for missing data via sequential regression trees},
  author={Burgette, Lane F and Reiter, Jerome P},
  journal={American journal of epidemiology},
  volume={172},
  number={9},
  pages={1070--1076},
  year={2010},
  publisher={Oxford University Press}
}

@book{hastie2009elements,
  title={The elements of statistical learning: data mining, inference, and prediction},
  author={Hastie, Trevor and Tibshirani, Robert and Friedman, Jerome H and Friedman, Jerome H},
  volume={2},
  year={2009},
  publisher={Springer}
}


